<record><leader>00000cas a22000007a 4500</leader><controlfield tag="001">13956670</controlfield><controlfield tag="008">860726d19591980aluwr ne      0    0eng d</controlfield><datafield ind1=" " ind2=" " tag="010"><subfield code="a">sn 86050313 </subfield></datafield><datafield ind1=" " ind2=" " tag="040"><subfield code="a">AAR</subfield><subfield code="b">eng</subfield><subfield code="c">AAR</subfield><subfield code="d">CPN</subfield><subfield code="d">OCLCQ</subfield></datafield><datafield ind1=" " ind2=" " tag="042"><subfield code="a">msc</subfield></datafield><datafield ind1="0" ind2=" " tag="130"><subfield code="a">News-herald (Hartford, Ala.)</subfield></datafield><datafield ind1="1" ind2="0" tag="245"><subfield code="a">News-herald.</subfield></datafield><datafield ind1="1" ind2="7" tag="246"><subfield code="a">Hartford news-herald</subfield></datafield><datafield ind1=" " ind2=" " tag="260"><subfield code="a">Hartford, Ala. :</subfield><subfield code="b">Mrs. Sue Thomas,</subfield><subfield code="c">1959-1980.</subfield></datafield><datafield ind1=" " ind2=" " tag="300"><subfield code="a">v. :</subfield><subfield code="b">ill. ;</subfield><subfield code="c">55-57 cm.</subfield></datafield><datafield ind1=" " ind2=" " tag="310"><subfield code="a">Weekly</subfield></datafield><datafield ind1="0" ind2=" " tag="362"><subfield code="a">Vol. 56, no. 15 (Oct. 1, 1959)-v. 80, no. 19 (Feb. 7, 1980).</subfield></datafield><datafield ind1=" " ind2=" " tag="752"><subfield code="a">United States</subfield><subfield code="b">Alabama</subfield><subfield code="c">Geneva</subfield><subfield code="d">Hartford.</subfield></datafield><datafield ind1="0" ind2="0" tag="780"><subfield code="t">Hartford news-herald (Hartford, Ala. : 1956)</subfield><subfield code="w">(DLC)sn 86050311</subfield></datafield><datafield ind1="0" ind2="0" tag="785"><subfield code="t">Hartford news-herald</subfield><subfield code="w">(DLC)sn 86050314</subfield></datafield></record>